% Archivo de referencias en BibTeX
% ejemplos tomados de bibtex.com

% ejemplo artículo
@article{CitekeyArticle,
  author   = "P. J. Cohen",
  title    = "The independence of the continuum hypothesis",
  journal  = "Proceedings of the National Academy of Sciences",
  year     = 1963,
  volume   = "50",
  number   = "6",
  pages    = "1143--1148",
}

% ejemplo libro
@book{CitekeyBook,
  author    = "Leonard Susskind and George Hrabovsky",
  title     = "Classical mechanics: the theoretical minimum",
  publisher = "Penguin Random House",
  address   = "New York, NY",
  year      = 2014
}

% ejemplo artículo de conferencia 
@inproceedings{CitekeyInproceedings,
  author    = "Holleis, Paul and Wagner, Matthias and Koolwaaij, Johan",
  title     = "Studying mobile context-aware social services in the wild",
  booktitle = "Proc. of the 6th Nordic Conf. on Human-Computer Interaction",
  series    = "NordiCHI",
  year      = 2010,
  pages     = "207--216",
  publisher = "ACM",
  address   = "New York, NY"
}

% ejemplo Manual
@manual{CitekeyManual,
  title        = "{R}: A Language and Environment for Statistical Computing",
  author       = "{R Core Team}",
  organization = "R Foundation for Statistical Computing",
  address      = "Vienna, Austria",
  year         = 2018
}

% ejemplo para otros, como páginas web
@misc{CitekeyMisc,
  title        = "Pluto: The 'Other' Red Planet",
  author       = "{NASA}",
  howpublished = "\url{https://www.nasa.gov/nh/pluto-the-other-red-planet}",
  year         = 2015,
  note         = "Accessed: 2018-12-06"
}

@book{Moser,
  author    = "Michael Möser and José Luis Barros",
  title     = "Ingeniería Acústica, Teoría y Aplicaciones",
  publisher = "Springer Berlin, Heidelberg",
  year      = 2009
}

@book{Everest,
  author    = "F. Alton Everest",
  title     = "The Master Handbook of Acoustics. Fourth Edition",
  publisher = "McGraw-Hill",
  year      = 2001
}

@phdthesis{Schroder,
  author    = "Dirk Schröder",
  title     = "Physically Based Real-Time Auralization of Interactive Virtual Environments",
  school = {Rheinisch-Westf{\"a}lische Technische Hochschule Aachen},
  year      = 2011,
}

@book{Ballou,
  author    = "Glen M. Ballou",
  title     = "Handbook for Sound Engineer. Fourth Edition",
  publisher = "Elsevier",
  year      = 2008
}

@misc{Lavry,
  title        = "The Optimal Sample Rate for Quality Audio",
  author       = "Lavry Engineering Inc.",
  howpublished = "\url{https://www.lavryengineering.com/}",
  year         = 2012,
}

@phdthesis{York,
  author   = "Francis Stevens and Damian Murphy",
  title    = "Spatial impulse response measurement in an urban environment",
  school   = "University of York",
  year     = 2014,
}

@phdthesis{Balloon,
  author   = "Jonathan S. Abel and Nicholas J. Bryan and Patty P. Huang and Miriam A. Kolar and Bissera V. Pentcheva",
  title    = "Estimating Room Impulse Responses from Recorded Balloon Pops",
  journal   = "Audio Engineering Society",
  year     = 2010,
}

@article{AcousticModeling,
  author   = "Samuel Siltanen and Tapio Lokki and Lauri Savioja",
  title    = "Rays or Waves? Understanding the Strengths and Weaknesses of Computational Room Acoustics Modeling Techniques",
  journal  = "Proceedings of the International Symposium on Room Acoustics",
  year     = 2012,
}

@misc{nVidia,
  title        = "What’s the Difference Between Ray Tracing and Rasterization?",
  author       = "Brian Caulfield",
  howpublished = "\url{https://blogs.nvidia.com/blog/whats-difference-between-ray-tracing-rasterization/}",
  year         = 2018,
}

@book{Raytracing,
  author    = "James Arvo and Robert L. Cook and Andrew S. Glassner and Eric Haines and Pat Hanrahan and PaulS. Heckbert and David Kirk",
  title     = "An Introduction to Ray Tracing",
  publisher = "ACADEMIC PRESS",
  year      = 2019
}